<record><leader>00000cas a22000007a 4500</leader><controlfield tag="001">13750297</controlfield><controlfield tag="008">860619d18791883inuwr ne      0    0eng d</controlfield><datafield ind1=" " ind2=" " tag="010"><subfield code="a">sn 86058631 </subfield></datafield><datafield ind1=" " ind2=" " tag="040"><subfield code="a">NPI</subfield><subfield code="b">eng</subfield><subfield code="c">NPI</subfield><subfield code="d">OCLCQ</subfield></datafield><datafield ind1=" " ind2=" " tag="042"><subfield code="a">msc</subfield></datafield><datafield ind1="0" ind2="0" tag="245"><subfield code="a">Knightstown shield.</subfield></datafield><datafield ind1="3" ind2="0" tag="246"><subfield code="a">Knightstown banner-shield</subfield></datafield><datafield ind1=" " ind2=" " tag="260"><subfield code="a">Knightstown, Ind. :</subfield><subfield code="b">Frank I. Grubbs</subfield></datafield><datafield ind1=" " ind2=" " tag="300"><subfield code="a">v. :</subfield><subfield code="b">ill.</subfield></datafield><datafield ind1=" " ind2=" " tag="310"><subfield code="a">Weekly</subfield></datafield><datafield ind1="1" ind2=" " tag="362"><subfield code="a">Began in 1879; ceased in Mar. 1883.</subfield><subfield code="z">Cf. Miller, John W. Indiana newspaper bibliog.</subfield></datafield><datafield ind1=" " ind2=" " tag="500"><subfield code="a">Beginning in the fall of 1880, for four months the Knightstown banner joined with the Knightstown shield to from the Knightstown banner-shield. After this time each resumed separate publication. The Knightstown shield was later absorbed by the Knightstown banner.</subfield></datafield><datafield ind1=" " ind2=" " tag="588"><subfield code="a">Description based on: Vol. 3, no. 19 (Sept. 15, 1881).</subfield></datafield><datafield ind1=" " ind2=" " tag="752"><subfield code="a">United States</subfield><subfield code="b">Indiana</subfield><subfield code="c">Henry</subfield><subfield code="d">Knightstown.</subfield></datafield><datafield ind1="0" ind2="4" tag="785"><subfield code="t">Knightstown banner (Knightstown, Ind. : 1869)</subfield><subfield code="w">(DLC)sn 84023974</subfield></datafield></record>